@book{lamport1994latex,
    title={\LaTeX{}: A document preparation system: User's guide and reference manual},
    author={Lamport, Leslie},
    year={1994},
    publisher={Addison-Wesley}
}

@book{urban1986introduction,
    title={An introduction to \LaTeX},
    author={Urban, Michael},
    year={1986},
    publisher={\TeX\ users group}
}

@book{Knu86book,
    author={Knuth, Donald E.},
    year={1986},
    title={The \TeX\ book},
    publisher={Wesley Publishing Co., Reading. Ma}
}

@book{mittelbach2004latex,
  title={The LATEX companion},
  author={Mittelbach, Frank and Goossens, Michel and Braams, Johannes and Carlisle, David and Rowley, Chris},
  year={2004},
  publisher={Addison-Wesley Professional}
}

@article{kopka1995guide,
  title={A Guide to \LaTeX{} Document},
  author={Kopka, H and Daly, PW},
  year={1995},
  publisher={Citeseer}
}

@online{afp_covid_2021,
	title = {Covid patients with sedentary habits more likely to die: {Study}},
	shorttitle = {Covid patients with sedentary habits more likely to die},
	url = {https://www.nst.com.my/world/world/2021/04/682122/covid-patients-sedentary-habits-more-likely-die-study},
	language = {en},
	date = {2021-04-14},
	urladdon = {NST Online},
	author = {AFP},
	month = apr,
	year = {2021},
}
